@article{lyon2016fifty,
  title={Fifty Years of Pulsar Candidate Selection: From simple filters to a new principled real-time classification approach},
  author={Lyon, RJ and Stappers, BW and Cooper, S and Brooke, JM and Knowles, JD},
  journal={Monthly Notices of the Royal Astronomical Society},
  volume={459},
  number={1},
  pages={1104--1123},
  year={2016},
  publisher={Oxford University Press}
}

@article{thornton2013high,
  title={The high time resolution radio sky},
  author={Thornton, D},
  year={2013}
}



@book{mackay2003information,
  title={Information theory, inference and learning algorithms},
  author={MacKay, David JC},
  year={2003},
  publisher={Cambridge university press}
}

@inproceedings{kohavi1995study,
  title={A study of cross-validation and bootstrap for accuracy estimation and model selection},
  author={Kohavi, Ron and others},
  booktitle={Ijcai},
  volume={14},
  number={2},
  pages={1137--1145},
  year={1995}
}

@article{elkan2012evaluating,
  title={Evaluating classifiers},
  author={Elkan, Charles},
  journal={University of San Diego, California, retrieved [01-11-2012] from http://cseweb. ucsd. edu/\~{} elkan B},
  volume={250},
  year={2012},
  publisher={Citeseer}
}

@article{scikit-learn,
 title={Scikit-learn: Machine Learning in {P}ython},
 author={Pedregosa, F. and Varoquaux, G. and Gramfort, A. and Michel, V.
         and Thirion, B. and Grisel, O. and Blondel, M. and Prettenhofer, P.
         and Weiss, R. and Dubourg, V. and Vanderplas, J. and Passos, A. and
         Cournapeau, D. and Brucher, M. and Perrot, M. and Duchesnay, E.},
 journal={Journal of Machine Learning Research},
 volume={12},
 pages={2825--2830},
 year={2011}
}

@article{hall2009weka,
  title={The WEKA data mining software: an update},
  author={Hall, Mark and Frank, Eibe and Holmes, Geoffrey and Pfahringer, Bernhard and Reutemann, Peter and Witten, Ian H},
  journal={ACM SIGKDD explorations newsletter},
  volume={11},
  number={1},
  pages={10--18},
  year={2009},
  publisher={ACM}
}

@book{lisboa1993techniques,
  title={Techniques and applications of neural networks},
  author={Lisboa, Paulo JG and Taylor, Malcolm J},
  year={1993},
  publisher={Viking Penguin}
}

@article{pilia2016wide,
  title={Wide-band, low-frequency pulse profiles of 100 radio pulsars with LOFAR},
  author={Pilia, M and Hessels, JWT and Stappers, BW and Kondratiev, VI and Kramer, M and Van Leeuwen, J and Weltevrede, P and Lyne, AG and Zagkouris, K and Hassall, TE and others},
  journal={Astronomy \& Astrophysics},
  volume={586},
  pages={A92},
  year={2016},
  publisher={EDP Sciences}
}

@article{bennasar2015feature,
  title={Feature selection using joint mutual information maximisation},
  author={Bennasar, Mohamed and Hicks, Yulia and Setchi, Rossitza},
  journal={Expert Systems with Applications},
  volume={42},
  number={22},
  pages={8520--8532},
  year={2015},
  publisher={Elsevier}
}

@book{lyne2012pulsar,
  title={Pulsar astronomy},
  author={Lyne, Andrew and Graham-Smith, Francis},
  number={48},
  year={2012},
  publisher={Cambridge University Press}
}

@article{lorimer2008binary,
  title={Binary and millisecond pulsars},
  author={Lorimer, Duncan R},
  journal={Living Reviews in Relativity},
  volume={11},
  number={8},
  pages={21},
  year={2008},
  publisher={Living Reviews}
}

@article{van2011dspsr,
  title={DSPSR: digital signal processing software for pulsar astronomy},
  author={van Straten, WêŽ¬ and Bailes, M},
  journal={Publications of the Astronomical Society of Australia},
  volume={28},
  number={01},
  pages={1--14},
  year={2011},
  publisher={Cambridge Univ Press}
}

@article{hobbs2006tempo2,
  title={TEMPO2, a new pulsar-timing package--I. An overview},
  author={Hobbs, GB and Edwards, RT and Manchester, RN},
  journal={Monthly Notices of the Royal Astronomical Society},
  volume={369},
  number={2},
  pages={655--672},
  year={2006},
  publisher={Oxford University Press}
}

@article{nice1994radio,
  title={Radio pulsars: an observational perspective},
  author={Nice, David J},
  journal={The Lives of the Neutron Stars},
  volume={450},
  pages={225},
  year={1994},
  publisher={Springer Science \& Business Media}
}

@article{petroff2015identifying,
  title={Identifying the source of perytons at the Parkes radio telescope},
  author={Petroff, E and Keane, EF and Barr, ED and Reynolds, JE and Sarkissian, J and Edwards, PG and Stevens, J and Brem, C and Jameson, A and Burke-Spolaor, S and others},
  journal={Monthly Notices of the Royal Astronomical Society},
  volume={451},
  number={4},
  pages={3933--3940},
  year={2015},
  publisher={Oxford University Press}
}

@inproceedings{john1995estimating,
  title={Estimating continuous distributions in Bayesian classifiers},
  author={John, George H and Langley, Pat},
  booktitle={Proceedings of the Eleventh conference on Uncertainty in artificial intelligence},
  pages={338--345},
  year={1995},
  organization={Morgan Kaufmann Publishers Inc.}
}

@article{kubat1998machine,
  title={Machine learning for the detection of oil spills in satellite radar images},
  author={Kubat, Miroslav and Holte, Robert C and Matwin, Stan},
  journal={Machine learning},
  volume={30},
  number={2-3},
  pages={195--215},
  year={1998},
  publisher={Springer}
}

@article{zhu2014searching,
  title={Searching for pulsars using image pattern recognition},
  author={Zhu, WW and Berndsen, A and Madsen, EC and Tan, M and Stairs, IH and Brazier, A and Lazarus, P and Lynch, R and Scholz, P and Stovall, K and others},
  journal={The Astrophysical Journal},
  volume={781},
  number={2},
  pages={117},
  year={2014},
  publisher={IOP Publishing}
}

@article{morello2014spinn,
  title={SPINN: a straightforward machine learning solution to the pulsar candidate selection problem},
  author={Morello, V and Barr, ED and Bailes, M and Flynn, CM and Keane, EF and van Straten, W},
  journal={Monthly Notices of the Royal Astronomical Society},
  volume={443},
  number={2},
  pages={1651--1662},
  year={2014},
  publisher={Oxford University Press}
}

@article{scholz2016repeating,
  title={The repeating Fast Radio Burst FRB 121102: Multi-wavelength observations and additional bursts},
  author={Scholz, P and Spitler, LG and Hessels, JWT and Chatterjee, S and Cordes, JM and Kaspi, VM and Wharton, RS and Bassa, CG and Bogdanov, S and Camilo, F and others},
  journal={arXiv preprint arXiv:1603.08880},
  year={2016}
}

@article{ahuja2005tracking,
  title={Tracking pulsar dispersion measures using the Giant Metrewave Radio Telescope},
  author={Ahuja, AL and Gupta, Y and Mitra, D and Kembhavi, AK},
  journal={Monthly Notices of the Royal Astronomical Society},
  volume={357},
  number={3},
  pages={1013--1021},
  year={2005},
  publisher={Oxford University Press}
}

@article{keith2010high,
  title={The High Time Resolution Universe Pulsar Survey--I. System configuration and initial discoveries},
  author={Keith, MJ and Jameson, A and Van Straten, W and Bailes, M and Johnston, S and Kramer, M and Possenti, A and Bates, SD and Bhat, NDR and Burgay, M and others},
  journal={Monthly Notices of the Royal Astronomical Society},
  volume={409},
  number={2},
  pages={619--627},
  year={2010},
  publisher={Oxford University Press}
}

@article{ng2012conducting,
  title={Conducting the deepest all-sky pulsar survey ever: the all-sky High Time Resolution Universe survey},
  author={Ng, Cherry},
  journal={Proceedings of the International Astronomical Union},
  volume={8},
  number={S291},
  pages={53--56},
  year={2012},
  publisher={Cambridge Univ Press}
}

@article{smits2009pulsar,
  title={Pulsar searches and timing with the square kilometre array},
  author={Smits, R and Kramer, M and Stappers, B and Lorimer, DR and Cordes, J and Faulkner, A},
  journal={Astronomy \& Astrophysics},
  volume={493},
  number={3},
  pages={1161--1170},
  year={2009},
  publisher={EDP Sciences}
}

@book{friedman2001elements,
  title={The elements of statistical learning},
  author={Friedman, Jerome and Hastie, Trevor and Tibshirani, Robert},
  volume={1},
  year={2001},
  publisher={Springer series in statistics Springer, Berlin}
}